
@misc{mavuduru2020,
	title = {Is Data Really the New Oil in the 21st Century?},
	author = {Mavuduru, Amol},
	year = {2020},
	month = {12},
	date = {2020-12-12},
	url = {https://towardsdatascience.com/is-data-really-the-new-oil-in-the-21st-century-17d014811b88},
	langid = {en}
}

@misc{forbes,
	title = {15 Smart Ways Machine Learning Helps Businesses And Entrepreneurs},
	author = {Forbes, Technology},
	url = {https://www.forbes.com/sites/forbestechcouncil/2019/09/11/15-smart-ways-machine-learning-helps-businesses-and-entrepreneurs/},
	note = {Section: Innovation},
	langid = {en}
}

@misc{forbesa,
	title = {15 Smart Ways Machine Learning Helps Businesses And Entrepreneurs},
	year = {2019},
	author = {Forbes, Technology},
	url = {https://www.forbes.com/sites/forbestechcouncil/2019/09/11/15-smart-ways-machine-learning-helps-businesses-and-entrepreneurs/},
	note = {Section: Innovation},
	langid = {en}
}

@article{calo2013,
	title = {Digital market manipulation},
	author = {Calo, Ryan},
	year = {2013},
	date = {2013},
	journal = {Geo. Wash. L. Rev.},
	pages = {995},
	volume = {82},
	note = {Publisher: HeinOnline}
}

@book{akerlof2015,
	title = {Phishing for Phools: The Economics of Manipulation and Deception},
	author = {Akerlof, George A and Shiller, Robert J},
	year = {2015},
	date = {2015},
	publisher = {Princeton University Press},
	address = {Princeton, NJ}
}

@book{richardson2017,
	title = {The Right to Privacy: Origins and Influence of a Nineteenth-century Idea},
	author = {Richardson, Megan},
	year = {2017},
	date = {2017},
	publisher = {Cambridge University Press},
	volume = {40}
}

@article{tzanou2013,
}

@book{richardson2017a,
	title = {The Right to Privacy: Origins and Influence of a Nineteenth-century Idea},
	author = {Richardson, Megan},
	year = {2017},
	date = {2017},
	publisher = {Cambridge University Press},
	volume = {40}
}

@article{bygrave2010,
	title = {Privacy and data protection in an international perspective},
	author = {Bygrave, Lee A.},
	year = {2010},
	date = {2010},
	journal = {Scandinavian studies in law},
	pages = {165--200},
	volume = {56},
	number = {8}
}

@article{tzanou2013a,
	title = {Data protection as a fundamental right next to privacy? Reconstructing a not so new right},
	author = {Tzanou, Maria},
	year = {2013},
	month = {05},
	date = {2013-05-01},
	journal = {International Data Privacy Law},
	pages = {88--99},
	volume = {3},
	number = {2},
	doi = {10.1093/idpl/ipt004},
	url = {https://doi.org/10.1093/idpl/ipt004}
}

@book{hastie2009,
	title = {The elements of statistical learning: data mining, inference, and prediction},
	author = {Hastie, Trevor and Tibshirani, Robert and Friedman, Jerome},
	year = {2009},
	date = {2009},
	publisher = {Springer Science & Business Media}
}

@article{kahneman2003,
	title = {Maps of Bounded Rationality: Psychology for Behavioral Economics},
	author = {Kahneman, Daniel},
	year = {2003},
	date = {2003},
	journal = {The American Economic Review},
	pages = {1449--1475},
	volume = {93},
	number = {5},
	url = {http://www.jstor.org/stable/3132137}
}

@article{tversky1981,
	title = {The framing of decisions and the psychology of choice},
	author = {Tversky, A. and Kahneman, D.},
	year = {1981},
	month = {01},
	date = {1981-01-30},
	journal = {Science},
	pages = {453--458},
	volume = {211},
	number = {4481},
	doi = {10.1126/science.7455683},
	url = {http://science.sciencemag.org/content/211/4481/453},
	note = {PMID: 7455683},
	langid = {en}
}

@article{oconnor1989,
	title = {Effects of framing and level of probability on patients' preferences for cancer chemotherapy},
	author = {{O'Connor}, Annette M.},
	year = {1989},
	date = {1989},
	journal = {Journal of clinical epidemiology},
	pages = {119--126},
	volume = {42},
	number = {2},
	note = {ISBN: 0895-4356
Publisher: Elsevier}
}

@article{armstrong2002,
	title = {Effect of framing as gain versus loss on understanding and hypothetical treatment choices: survival and mortality curves},
	author = {Armstrong, Katrina and Schwartz, J. Sanford and Fitzgerald, Genevieve and Putt, Mary and Ubel, Peter A.},
	year = {2002},
	date = {2002},
	journal = {Medical Decision Making},
	pages = {76--83},
	volume = {22},
	number = {1},
	note = {ISBN: 0272-989X
Publisher: Sage Publications Sage CA: Thousand Oaks, CA}
}

@article{brignull2011,
	title = {Dark patterns: Deception vs. honesty in UI design},
	author = {Brignull, Harry},
	year = {2011},
	date = {2011},
	journal = {Interaction Design, Usability},
	volume = {338}
}

@inproceedings{gray2018,
	title = {The Dark (Patterns) Side of UX Design},
	author = {Gray, Colin M. and Kou, Yubo and Battles, Bryan and Hoggatt, Joseph and Toombs, Austin L.},
	year = {2018},
	month = {04},
	date = {2018-04-21},
	publisher = {Association for Computing Machinery},
	pages = {1{\textendash}14},
	series = {CHI '18},
	doi = {10.1145/3173574.3174108},
	url = {https://doi.org/10.1145/3173574.3174108},
	address = {New York, NY, USA}
}

@inproceedings{gray2018a,
	title = {The Dark (Patterns) Side of UX Design},
	author = {Gray, Colin M. and Kou, Yubo and Battles, Bryan and Hoggatt, Joseph and Toombs, Austin L.},
	year = {2018},
	month = {04},
	date = {2018-04-21},
	publisher = {Association for Computing Machinery},
	pages = {1{\textendash}14},
	series = {CHI '18},
	doi = {10.1145/3173574.3174108},
	url = {https://doi.org/10.1145/3173574.3174108},
	address = {New York, NY, USA}
}

@book{cooter2011,
	title = {Law and Economics},
	author = {Cooter, Robert and Ulen, Thomas},
	year = {2011},
	month = {02},
	date = {2011-02-20},
	publisher = {Prentice Hall},
	edition = {6 edition},
	address = {Boston},
	langid = {English}
}

@book{collins2003,
	title = {The Law of Contract},
	author = {Collins, Hugh},
	year = {2003},
	month = {07},
	date = {2003-07},
	publisher = {Cambridge University Press},
	note = {Google-Books-ID: pebZDWr{\_}ZKIC},
	langid = {en}
}

@article{acquisti2005,
	title = {Privacy and rationality in individual decision making},
	author = {Acquisti, A. and Grossklags, J.},
	year = {2005},
	month = {01},
	date = {2005-01},
	journal = {IEEE Security Privacy},
	pages = {26--33},
	volume = {3},
	number = {1},
	doi = {10.1109/MSP.2005.22},
	note = {Conference Name: IEEE Security Privacy}
}

@inproceedings{nouwens2020,
	title = {Dark Patterns after the GDPR: Scraping Consent Pop-ups and Demonstrating their Influence},
	author = {Nouwens, Midas and Liccardi, Ilaria and Veale, Michael and Karger, David and Kagal, Lalana},
	year = {2020},
	month = {04},
	date = {2020-04-21},
	publisher = {Association for Computing Machinery},
	pages = {1{\textendash}13},
	series = {CHI '20},
	doi = {10.1145/3313831.3376321},
	url = {https://doi.org/10.1145/3313831.3376321},
	address = {New York, NY, USA}
}

@article{machuletz2020,
	title = {Multiple Purposes, Multiple Problems: A User Study of Consent Dialogs after GDPR},
	author = {Machuletz, Dominique and {BÃ¶hme}, Rainer},
	year = {2020},
	month = {03},
	date = {2020-03-02},
	journal = {arXiv:1908.10048 [cs]},
	doi = {10.2478/popets-2020-0037},
	url = {http://arxiv.org/abs/1908.10048},
	note = {arXiv: 1908.10048}
}

@inproceedings{utz2019,
	title = {(un) informed consent: Studying gdpr consent notices in the field},
	author = {Utz, Christine and Degeling, Martin and Fahl, Sascha and Schaub, Florian and Holz, Thorsten},
	year = {2019},
	date = {2019},
	pages = {973--990}
}

@article{tversky1981a,
	title = {The framing of decisions and the psychology of choice},
	author = {Tversky, A. and Kahneman, D.},
	year = {1981},
	month = {01},
	date = {1981-01-30},
	journal = {Science},
	pages = {453--458},
	volume = {211},
	number = {4481},
	doi = {10.1126/science.7455683},
	url = {http://science.sciencemag.org/content/211/4481/453},
	note = {PMID: 7455683},
	langid = {en}
}
